@Article{mpi-forum:mpi2-journal,
  author       = "{Message Passing Interface Forum}",
  title = 	 {{MPI2}: A {M}essage {P}assing {I}nterface Standard},
  journal = 	 {International Journal of High Performance Computing Applications},
  year = 	 1998,
  volume =	 12,
  number =	 {1--2},
  pages =	 {1--299}
}
