@Misc{psched01,
  author =	 {{PSCHED API} Working Group},
  title =	 {{PSCHED}: An {API} for Parallel Job/Resource Management
                  Version 0.1},
  year =	 1997,
  month =	 FEB,
  note =	 Phttp://parallel.nas.nasa.gov/PSCHED/psched-api-report.sched.ps},
}

